<record><leader>00000cas a22000007a 4500</leader><controlfield tag="001">13803796</controlfield><controlfield tag="008">860630d19811987inuwr ne      0    0eng d</controlfield><datafield ind1=" " ind2=" " tag="010"><subfield code="a">sn 86058658 </subfield></datafield><datafield ind1=" " ind2=" " tag="040"><subfield code="a">NPI</subfield><subfield code="b">eng</subfield><subfield code="c">NPI</subfield><subfield code="d">OCLCQ</subfield></datafield><datafield ind1=" " ind2=" " tag="042"><subfield code="a">msc</subfield></datafield><datafield ind1="0" ind2="4" tag="245"><subfield code="a">The Carmel tribune.</subfield></datafield><datafield ind1=" " ind2=" " tag="260"><subfield code="a">Carmel, Ind. :</subfield><subfield code="b">Topics Newspapers, Inc.,</subfield><subfield code="c">1981-1987.</subfield></datafield><datafield ind1=" " ind2=" " tag="300"><subfield code="a">7 v.</subfield></datafield><datafield ind1=" " ind2=" " tag="310"><subfield code="a">Weekly</subfield></datafield><datafield ind1="0" ind2=" " tag="362"><subfield code="a">Vol. 12, no. 48 (Sept. 16, 1981)-v. 18, no. 12 (Jan. 21, 1987).</subfield></datafield><datafield ind1=" " ind2=" " tag="500"><subfield code="a">Published later in Indianapolis, Ind.</subfield></datafield><datafield ind1=" " ind2=" " tag="752"><subfield code="a">United States</subfield><subfield code="b">Indiana</subfield><subfield code="c">Marion</subfield><subfield code="d">Indianapolis.</subfield></datafield><datafield ind1=" " ind2=" " tag="752"><subfield code="a">United States</subfield><subfield code="b">Indiana</subfield><subfield code="c">Hamilton</subfield><subfield code="d">Carmel.</subfield></datafield><datafield ind1="0" ind2="0" tag="780"><subfield code="t">Carmel topics</subfield><subfield code="w">(DLC)sn 86058657</subfield></datafield><datafield ind1="0" ind2="7" tag="785"><subfield code="t">Carmel news journal</subfield><subfield code="w">(DLC)sn 86063049</subfield><subfield code="w">(OCoLC)13107856</subfield></datafield><datafield ind1="0" ind2="7" tag="785"><subfield code="t">Carmel news-tribune</subfield><subfield code="w">(DLC)sn 87055399</subfield></datafield></record>